<?xml version="1.0"?>
<record xmlns="http://www.loc.gov/MARC21/slim">
  <leader>14931cas a2201669 a 4500</leader>
  <controlfield tag="001">grade12diplomae998albe_11</controlfield>
  <controlfield tag="003">CaSfIA</controlfield>
  <controlfield tag="005">20151201200531.0</controlfield>
  <controlfield tag="007">cr||||||||||||</controlfield>
  <controlfield tag="008">920730d1984200uabcfr    b   s0   a0eng d</controlfield>
  <datafield tag="010" ind1=" " ind2=" ">
    <subfield code="a">cn 92081730</subfield>
  </datafield>
  <datafield tag="022" ind1="0" ind2=" ">
    <subfield code="a">1193-008X</subfield>
  </datafield>
  <datafield tag="035" ind1=" " ind2=" ">
    <subfield code="a">ocm26290551</subfield>
  </datafield>
  <datafield tag="040" ind1=" " ind2=" ">
    <subfield code="a">CaOONL</subfield>
    <subfield code="b">eng</subfield>
    <subfield code="c">CaOONL</subfield>
    <subfield code="d">AEU</subfield>
    <subfield code="d">CaSfIA</subfield>
  </datafield>
  <datafield tag="042" ind1=" " ind2=" ">
    <subfield code="a">nlc</subfield>
    <subfield code="a">isds/c</subfield>
  </datafield>
  <datafield tag="055" ind1=" " ind2="3">
    <subfield code="a">LB 3054</subfield>
    <subfield code="b">C22 A3 gr.12 E54 G73B</subfield>
  </datafield>
  <datafield tag="082" ind1="1" ind2=" ">
    <subfield code="a">428</subfield>
    <subfield code="2">12</subfield>
  </datafield>
  <datafield tag="090" ind1=" " ind2=" ">
    <subfield code="a">LB 3054 C22 A3 gr.12 E54 G73B</subfield>
    <subfield code="b">AEU</subfield>
  </datafield>
  <datafield tag="210" ind1="0" ind2=" ">
    <subfield code="a">Grade 12 diploma exam., Engl. 30 Part B Read. Mult. choice</subfield>
  </datafield>
  <datafield tag="222" ind1=" " ind2="0">
    <subfield code="a">Grade 12 diploma examination. English 30, Part B, Reading, Multiple choice</subfield>
  </datafield>
  <datafield tag="245" ind1="0" ind2="0">
    <subfield code="a">Grade 12 diploma examination.</subfield>
    <subfield code="p">English 30.</subfield>
    <subfield code="n">Part B,</subfield>
    <subfield code="p">Reading (Multiple choice).</subfield>
    <subfield code="h">[electronic resource] </subfield>
  </datafield>
  <datafield tag="246" ind1="3" ind2="0">
    <subfield code="a">English 30.</subfield>
    <subfield code="n">Part B,</subfield>
    <subfield code="p">Reading (Multiple choice).</subfield>
  </datafield>
  <datafield tag="246" ind1="1" ind2=" ">
    <subfield code="i">On issues for &lt;Jan. 1998&gt;- the title appears as:</subfield>
    <subfield code="a">English 30.</subfield>
    <subfield code="n">Part B,</subfield>
    <subfield code="p">Reading, Grade 12 diploma examination</subfield>
  </datafield>
  <datafield tag="246" ind1="1" ind2=" ">
    <subfield code="i">On issues for &lt;Jan. 2000&gt;- the title appears as:</subfield>
    <subfield code="a">English language arts 30.</subfield>
    <subfield code="n">Part B,</subfield>
    <subfield code="p">Reading, Grade 12 diploma examination</subfield>
  </datafield>
  <datafield tag="260" ind1=" " ind2=" ">
    <subfield code="a">[Edmonton] :</subfield>
    <subfield code="b">Alberta Education,</subfield>
    <subfield code="c">[1984]-</subfield>
  </datafield>
  <datafield tag="300" ind1=" " ind2=" ">
    <subfield code="a">v. ;</subfield>
    <subfield code="c">28 cm.</subfield>
  </datafield>
  <datafield tag="310" ind1=" " ind2=" ">
    <subfield code="a">Semiannual.</subfield>
  </datafield>
  <datafield tag="336" ind1=" " ind2=" ">
    <subfield code="a">text</subfield>
    <subfield code="b">txt</subfield>
    <subfield code="2">rdacontent</subfield>
  </datafield>
  <datafield tag="337" ind1=" " ind2=" ">
    <subfield code="a">unmediated</subfield>
    <subfield code="b">n</subfield>
    <subfield code="2">rdamedia</subfield>
  </datafield>
  <datafield tag="338" ind1=" " ind2=" ">
    <subfield code="a">volume</subfield>
    <subfield code="b">nc</subfield>
    <subfield code="2">rdacarrier</subfield>
  </datafield>
  <datafield tag="362" ind1="0" ind2=" ">
    <subfield code="a">Jan. 1984-</subfield>
  </datafield>
  <datafield tag="362" ind1="1" ind2=" ">
    <subfield code="a">Ceased in 2002 or 2003.</subfield>
  </datafield>
  <datafield tag="500" ind1=" " ind2=" ">
    <subfield code="a">Title from cover.</subfield>
  </datafield>
  <datafield tag="515" ind1=" " ind2=" ">
    <subfield code="a">Each issue consists of a Questions booklet and a Readings booklet.</subfield>
  </datafield>
  <datafield tag="550" ind1=" " ind2=" ">
    <subfield code="a">Issued by: Student Evaluation and Records Branch, &lt;June 1990&gt;; Student Evaluation Branch, Jan. 1991-</subfield>
  </datafield>
  <datafield tag="596" ind1=" " ind2=" ">
    <subfield code="a">41</subfield>
  </datafield>
  <datafield tag="597" ind1=" " ind2=" ">
    <subfield code="a">1:LB 3054 C22 A3 gr.12 E54 G73B 1984: Jan.: quest</subfield>
    <subfield code="a">2:LB 3054 C22 A3 gr.12 E54 G73B 1984: Jan.: rdgs</subfield>
    <subfield code="a">3:LB 3054 C22 A3 gr.12 E54 G73B 1984: June: quest</subfield>
    <subfield code="a">4:LB 3054 C22 A3 gr.12 E54 G73B 1984: June: rdgs</subfield>
    <subfield code="a">5:LB 3054 C22 A3 gr.12 E54 G73B 1985: Jan.: quest</subfield>
    <subfield code="a">6:LB 3054 C22 A3 gr.12 E54 G73B 1985: Jan.: rdgs</subfield>
    <subfield code="a">7:LB 3054 C22 A3 gr.12 E54 G73B 1985: June: quest</subfield>
    <subfield code="a">8:LB 3054 C22 A3 gr.12 E54 G73B 1985: June: rdgs</subfield>
    <subfield code="a">9:LB 3054 C22 A3 gr.12 E54 G73B 1986: Jan.: quest</subfield>
    <subfield code="a">10:LB 3054 C22 A3 gr.12 E54 G73B 1986: Jan.: rdgs</subfield>
    <subfield code="a">11:LB 3054 C22 A3 gr.12 E54 G73B 1986: June: quest</subfield>
    <subfield code="a">12:LB 3054 C22 A3 gr.12 E54 G73B 1986: June: rdgs</subfield>
    <subfield code="a">13:LB 3054 C22 A3 gr.12 E54 G73B 1987: Jan.: quest</subfield>
    <subfield code="a">14:LB 3054 C22 A3 gr.12 E54 G73B 1987: Jan.: rdgs</subfield>
    <subfield code="a">15:LB 3054 C22 A3 gr.12 E54 G73B 1987: June: quest</subfield>
    <subfield code="a">16:LB 3054 C22 A3 gr.12 E54 G73B 1987: June: rdgs</subfield>
    <subfield code="a">17:LB 3054 C22 A3 gr.12 E54 G73B 1988: Jan.: quest</subfield>
    <subfield code="a">18:LB 3054 C22 A3 gr.12 E54 G73B 1988: Jan.: rdgs</subfield>
    <subfield code="a">19:LB 3054 C22 A3 gr.12 E54 G73B 1988: June: quest</subfield>
    <subfield code="a">20:LB 3054 C22 A3 gr.12 E54 G73B 1988: June: rdgs</subfield>
    <subfield code="a">21:LB 3054 C22 A3 gr.12 E54 G73B 1989: Jan.: quest</subfield>
    <subfield code="a">22:LB 3054 C22 A3 gr.12 E54 G73B 1989: Jan.: rdgs</subfield>
    <subfield code="a">23:LB 3054 C22 A3 gr.12 E54 G73B 1989: June: quest</subfield>
    <subfield code="a">24:LB 3054 C22 A3 gr.12 E54 G73B 1989: June: rdgs</subfield>
    <subfield code="a">25:LB 3054 C22 A3 gr.12 E54 G73B 1990: June: quest</subfield>
    <subfield code="a">26:LB 3054 C22 A3 gr.12 E54 G73B 1990: June: rdgs</subfield>
    <subfield code="a">27:LB 3054 C22 A3 gr.12 E54 G73B 1990: June: rdgs</subfield>
    <subfield code="a">28:LB 3054 C22 A3 gr.12 E54 G73B 1991: Jan.: quest</subfield>
    <subfield code="a">29:LB 3054 C22 A3 gr.12 E54 G73B 1991: Jan.: rdgs</subfield>
    <subfield code="a">30:LB 3054 C22 A3 gr.12 E54 G73B 1991: Jan.: rdgs</subfield>
    <subfield code="a">31:LB 3054 C22 A3 gr.12 E54 G73B 1992: Jan.: quest</subfield>
    <subfield code="a">32:LB 3054 C22 A3 gr.12 E54 G73B 1992: Jan.: rdgs</subfield>
    <subfield code="a">33:LB 3054 C22 A3 gr.12 E54 G73B 1992: June: quest</subfield>
    <subfield code="a">34:LB 3054 C22 A3 gr.12 E54 G73B 1992: June: quest</subfield>
    <subfield code="a">35:LB 3054 C22 A3 gr.12 E54 G73B 1992: June: rdgs</subfield>
    <subfield code="a">36:LB 3054 C22 A3 gr.12 E54 G73B 1992: June rdgs</subfield>
    <subfield code="a">37:LB 3054 C22 A3 gr.12 E54 G73B 1993: Jan.: rdgs</subfield>
    <subfield code="a">38:LB 3054 C22 A3 gr.12 E54 G73B 1993: Jan.: rdgs</subfield>
    <subfield code="a">39:LB 3054 C22 A3 gr.12 E54 G73B 1993: Jan.: quest</subfield>
    <subfield code="a">40:LB 3054 C22 A3 gr.12 E54 G73B 1993: Jan.: quest</subfield>
    <subfield code="a">41:LB 3054 C22 A3 gr.12 E54 G73B 1993: June: rdgs</subfield>
    <subfield code="a">42:LB 3054 C22 A3 gr.12 E54 G73B 1993: June: rdgs</subfield>
    <subfield code="a">43:LB 3054 C22 A3 gr.12 E54 G73B 1993: June: quest</subfield>
    <subfield code="a">44:LB 3054 C22 A3 gr.12 E54 G73B 1993: June: quest</subfield>
    <subfield code="a">45:LB 3054 C22 A3 gr.12 E54 G73B 1994: Jan.: rdgs</subfield>
    <subfield code="a">46:LB 3054 C22 A3 gr.12 E54 G73B 1994: Jan.: rdgs</subfield>
    <subfield code="a">47:LB 3054 C22 A3 gr.12 E54 G73B 1994: Jan.: quest</subfield>
    <subfield code="a">48:LB 3054 C22 A3 gr.12 E54 G73B 1994: Jan.: quest</subfield>
    <subfield code="a">49:LB 3054 C22 A3 gr.12 E54 G73B 1994: June: rdgs</subfield>
    <subfield code="a">50:LB 3054 C22 A3 gr.12 E54 G73B 1994: June: rdgs</subfield>
    <subfield code="a">51:LB 3054 C22 A3 gr.12 E54 G73B 1994: June: quest</subfield>
    <subfield code="a">52:LB 3054 C22 A3 gr.12 E54 G73B 1994: June: quest</subfield>
    <subfield code="a">53:LB 3054 C22 A3 gr.12 E54 G73B 1996: Jan.: rdgs</subfield>
    <subfield code="a">54:LB 3054 C22 A3 gr.12 E54 G73B 1996: Jan.: quest</subfield>
    <subfield code="a">55:LB 3054 C22 A3 gr.12 E54 G73B 1996: June: rdgs</subfield>
    <subfield code="a">56:LB 3054 C22 A3 gr.12 E54 G73B 1996: June: quest</subfield>
    <subfield code="a">57:LB 3054 C22 A3 gr.12 E54 G73B 1996: June: rdgs</subfield>
    <subfield code="a">58:LB 3054 C22 A3 gr.12 E54 G73B 1996: June: quest</subfield>
    <subfield code="a">59:LB 3054 C22 A3 gr.12 E54 G73B 1997:Jan. :rdgs</subfield>
    <subfield code="a">60:LB 3054 C22 A3 gr.12 E54 G73B 1997:Jan. :quest</subfield>
    <subfield code="a">61:LB 3054 C22 A3 gr.12 E54 G73B 1998:Jan. :rdgs</subfield>
    <subfield code="a">62:LB 3054 C22 A3 gr.12 E54 G73B 1998:Jan. :quest</subfield>
    <subfield code="a">63:LB 3054 C22 A3 gr.12 E54 G73B 1998:Jan.: rdgs</subfield>
    <subfield code="a">64:LB 3054 C22 A3 gr.12 E54 G73B 1998:Jan.: quest</subfield>
    <subfield code="a">65:LB 3054 C22 A3 gr.12 E54 G73B 1998:June :rdgs</subfield>
    <subfield code="a">66:LB 3054 C22 A3 gr.12 E54 G73B 1998:June :quest</subfield>
    <subfield code="a">67:LB 3054 C22 A3 gr.12 E54 G73B 1999:Jan.: rdgs</subfield>
    <subfield code="a">68:LB 3054 C22 A3 gr.12 E54 G73B 1999:Jan.: quest</subfield>
    <subfield code="a">69:LB 3054 C22 A3 gr.12 E54 G73B 1999:June :rdgs</subfield>
    <subfield code="a">70:LB 3054 C22 A3 gr.12 E54 G73B 1999:June :quest</subfield>
    <subfield code="a">71:LB 3054 C22 A3 gr.12 E54 G73B 2000: Jan.: quest</subfield>
    <subfield code="a">72:LB 3054 C22 A3 gr.12 E54 G73B 2000: Jan.: rdgs</subfield>
    <subfield code="a">73:LB 3054 C22 A3 gr.12 E54 G73B 2000: June: quest</subfield>
    <subfield code="a">74:LB 3054 C22 A3 gr.12 E54 G73B 2000: June: rdgs</subfield>
    <subfield code="a">75:LB 3054 C22 A3 gr.12 E54 G73B 2001:Jan. :quest</subfield>
    <subfield code="a">76:LB 3054 C22 A3 gr.12 E54 G73B 2001: June: quest</subfield>
    <subfield code="a">77:LB 3054 C22 A3 gr.12 E54 G73B 2001: Jan.: rdgs</subfield>
    <subfield code="a">78:LB 3054 C22 A3 gr.12 E54 G73B 2001: June: rdgs </subfield>
    <subfield code="a">79:LB 3054 C22 A3 gr.12 E54 G73B 2002: Jan.: quest</subfield>
    <subfield code="a">80:LB 3054 C22 A3 gr.12 E54 G73B 2002: Jan.: rdgs</subfield>
    <subfield code="a">81:LB 3054 C22 A3 gr.12 E54 G73B 2002:Jan. :quest</subfield>
    <subfield code="a">82:LB 3054 C22 A3 gr.12 E54 G73B 2002:Jan. :rdgs</subfield>
  </datafield>
  <datafield tag="650" ind1=" " ind2="0">
    <subfield code="a">English language</subfield>
    <subfield code="z">Alberta</subfield>
    <subfield code="v">Examinations, questions, etc.</subfield>
    <subfield code="v">Periodicals.</subfield>
  </datafield>
  <datafield tag="650" ind1=" " ind2="0">
    <subfield code="a">English literature</subfield>
    <subfield code="z">Alberta</subfield>
    <subfield code="v">Examinations, questions, etc.</subfield>
    <subfield code="v">Periodicals.</subfield>
  </datafield>
  <datafield tag="650" ind1=" " ind2="0">
    <subfield code="a">Twelfth grade (Education)</subfield>
    <subfield code="z">Alberta</subfield>
    <subfield code="x">Examinations</subfield>
    <subfield code="v">Periodicals.</subfield>
  </datafield>
  <datafield tag="650" ind1=" " ind2="0">
    <subfield code="a">Examinations</subfield>
    <subfield code="z">Alberta</subfield>
    <subfield code="v">Periodicals.</subfield>
  </datafield>
  <datafield tag="710" ind1="1" ind2=" ">
    <subfield code="a">Alberta.</subfield>
    <subfield code="b">Alberta Education.</subfield>
  </datafield>
  <datafield tag="710" ind1="1" ind2=" ">
    <subfield code="a">Alberta.</subfield>
    <subfield code="b">Student Evaluation and Records.</subfield>
  </datafield>
  <datafield tag="710" ind1="1" ind2=" ">
    <subfield code="a">Alberta.</subfield>
    <subfield code="b">Student Evaluation Branch.</subfield>
  </datafield>
  <datafield tag="785" ind1="0" ind2="0">
    <subfield code="t">English language arts 30-1. Part B. Readding.</subfield>
    <subfield code="p">Grade 12 diploma examination.</subfield>
  </datafield>
  <datafield tag="856" ind1="4" ind2="1">
    <subfield code="u">http://archive.org/details/grade12diplomae998albe_11</subfield>
    <subfield code="z">Free eBook from the Internet Archive</subfield>
    <subfield code="3">Volume Jun 1998 Question booklet</subfield>
  </datafield>
</record>
